@misc{ref1,
  author = {Gouaisbaut.F},
  title = {{Analyse et performances des systèmes linéaires}},
  howpublished = "\url{http://master-eea.univ-tlse3.fr/wp-content/uploads/2016/11/TP1.pdf}",
  year = {2016}, 
  note = "[Internet], consulté le [08-11-2018]"
}

@misc{ref2,
  author = {Krishnavedala},
  title = {{Second order transfer function}},
  howpublished = "\url{https://he.wikipedia.org/wiki/%D7%A7%D7%95%D7%91%D7%A5:Second_order_transfer_function.svg}",
  year = {2011}, 
  note = "[Internet], consulté le [08-11-2018]"
}

@misc{ref3,
  author = {Anonyme},
  title = {{Performance}},
  howpublished = "\url{https://fr.wikipedia.org/wiki/Performance}",
  year = {2018}, 
  note = "[Internet], consulté le [13-11-2018]"
}

@misc{ref4,
  author = {Anonyme},
  title = {{Asservissement (Automatique)}},
  howpublished = "\url{https://fr.wikipedia.org/wiki/Asservissement_%28automatique%29}",
  year = {2018}, 
  note = "[Internet], consulté le [13-11-2018]"
}

@misc{ref5,
  author = {Anonyme},
  title = {{Robustesse (Ingénierie)}},
  howpublished = "\url{https://fr.wikipedia.org/wiki/Robustesse_%28ing%C3%A9nierie%29}",
  year = {2018}, 
  note = "[Internet], consulté le [13-11-2018]"
}

@misc{ref6,
  author = {Anonyme},
  title = {{Robustesse}},
  howpublished = "\url{https://fr.wiktionary.org/wiki/robustesse}",
  year = {2017}, 
  note = "[Internet], consulté le [13-11-2018]"
}
